<?xml version="1.0" encoding="UTF-8"?><collection xmlns="http://www.loc.gov/MARC21/slim"><record><leader>00424nam--2200121-i-4500</leader><controlfield tag="001">000008710</controlfield><controlfield tag="002">20161230</controlfield><controlfield tag="005">20161230201027</controlfield><controlfield tag="008">060222s1000------------r-----000-0-eng-d</controlfield><datafield ind1=" " ind2=" " tag="080"><subfield code="a">621.398:681.3:62-52</subfield></datafield><datafield ind1=" " ind2=" " tag="245"><subfield code="a">Automatic and remote control iii.proceedings of the third contgress of the international federation of automaticm control,london 20-25 june,1966</subfield></datafield><datafield ind1=" " ind2=" " tag="260"><subfield code="a">London,William Clowes And Sons,Ltd,1966</subfield></datafield><datafield ind1=" " ind2=" " tag="852"><subfield code="a">29888</subfield></datafield></record></collection>